% niebase_supp.bib
% To be added to niebase.bib in order to generate the references for the thesis.

@article{Nuthman_Henderson10,
  title={Object-based attentional selection in scene viewing},
  author={Nuthmann, Antje and Henderson, John M},
  journal={Journal of vision},
  volume={10},
  number={8},
  pages={20},
  year={2010},
  publisher={Association for Research in Vision and Ophthalmology}
}

@article{Stoll_etal15,
  title={Overt attention in natural scenes: objects dominate features},
  author={Stoll, Josef and Thrun, Michael and Nuthmann, Antje and Einh{\"a}user, Wolfgang},
  journal={Vision research},
  volume={107},
  pages={36--48},
  year={2015},
  publisher={Elsevier}
}

@article{McKee_83,
  title={The spatial requirements for fine stereoacuity},
  author={McKee, Suzanne P},
  journal={Vision research},
  volume={23},
  number={2},
  pages={191--198},
  year={1983},
  publisher={Elsevier}
}

@article{Glennerster_McKee99,
  title={Bias and sensitivity of stereo judgements in the presence of a slanted reference plane},
  author={Glennerster, A and McKee, SP},
  journal={Vision Research},
  volume={39},
  number={18},
  pages={3057--3069},
  year={1999},
  publisher={Elsevier}
}

@article{He_Ooi00,
  title={Perceiving binocular depth with reference to a common surface},
  author={He, Zijiang J and Ooi, Teng Leng},
  journal={PERCEPTION-LONDON-},
  volume={29},
  number={11},
  pages={1313--1334},
  year={2000},
  publisher={Pion Ltd}
}

@article{Ooi_He15,
  title={Space Perception of Strabismic Observers in the Real World EnvironmentSpace Perception of Strabismic Observers},
  author={Ooi, Teng Leng and He, Zijiang J},
  journal={Investigative ophthalmology \& visual science},
  volume={56},
  number={3},
  pages={1761--1768},
  year={2015},
  publisher={The Association for Research in Vision and Ophthalmology}
}

@article{Lewicki_etal14,
  title={Scene analysis in the natural environment},
  author={Lewicki, Michael S and Olshausen, Bruno A and Surlykke, Annemarie and Moss, Cynthia F},
  journal={Frontiers in psychology},
  volume={5},
  year={2014},
  publisher={Frontiers Media SA}
}

@article{Palmer_02,
  title={Perceptual organization in vision},
  author={Palmer, Stephen E},
  journal={Stevens' handbook of experimental psychology},
  year={2002},
  publisher={Wiley Online Library}
}

@article{Bishop_Pettigrew86,
  title={Neural mechanisms of binocular vision},
  author={Bishop, PO and Pettigrew, JD},
  journal={Vision research},
  volume={26},
  number={9},
  pages={1587--1600},
  year={1986},
  publisher={Elsevier}
}

@article{Lehky_Sejnowski90,
  title={Neural model of stereoacuity and depth interpolation based on a distributed representation of stereo disparity},
  author={Lehky, Sidney R and Sejnowski, Terrence J},
  journal={Journal of Neuroscience},
  volume={10},
  number={7},
  pages={2281--2299},
  year={1990}
}

@article{McCarley_He01,
  title={Sequential priming of 3-D perceptual organization},
  author={McCarley, Jason S and He, Zijiang J},
  journal={Attention, Perception, \& Psychophysics},
  volume={63},
  number={2},
  pages={195--208},
  year={2001},
  publisher={Springer}
}

@article{Stevenson_etal91,
  title={Depth attraction and repulsion in random dot stereograms},
  author={Stevenson, Scott B and Cormack, Lawrence K and Schor, Clifton M},
  journal={Vision research},
  volume={31},
  number={5},
  pages={805--813},
  year={1991},
  publisher={Elsevier}
}

@article{Zwickel_etal07,
  title={Coding the presence of visual objects in a recurrent neural network of visual cortex},
  author={Zwickel, Timm and Wachtler, Thomas and Eckhorn, Reinhard},
  journal={Biosystems},
  volume={89},
  number={1},
  pages={216--226},
  year={2007},
  publisher={Elsevier}
}

@article{Jehee_etal07b,
  title={Boundary assignment in a recurrent network architecture},
  author={Jehee, Janneke FM and Lamme, Victor AF and Roelfsema, Pieter R},
  journal={Vision research},
  volume={47},
  number={9},
  pages={1153--1165},
  year={2007},
  publisher={Elsevier}
}

@article{Domijan_Setic08,
  title={A feedback model of figure-ground assignment},
  author={Domijan, Dra{\v{z}}en and {\v{S}}eti{\'c}, Mia},
  journal={Journal of Vision},
  volume={8},
  number={7},
  pages={10--10},
  year={2008},
  publisher={The Association for Research in Vision and Ophthalmology}
}

@article{Williford_vonderHeydt16,
  title={Figure-ground organization in visual cortex for natural scenes},
  author={Williford, Jonathan R and von der Heydt, R{\"u}diger},
  journal={eNeuro},
  volume={3},
  number={6},
  pages={ENEURO--0127},
  year={2016},
  publisher={Society for Neuroscience}
}

@article{Tschechne_Neumann14,
  title={Hierarchical representation of shapes in visual cortex—from localized features to figural shape segregation},
  author={Tschechne, Stephan and Neumann, Heiko},
  journal={Frontiers in computational neuroscience},
  volume={8},
  pages={93},
  year={2014},
  publisher={Frontiers}
}

@Article{Hu_Niebur17,
  title={A recurrent neural model of proto-object based contour integration and figure-ground segregation},
  author={Hu, Brian and Niebur, Ernst},
  journal={Journal of Computational Neuroscience},
  year={2017},
  pages={},
  volume={},
  issn={1573-6873},
  doi={10.1007/s10827-017-0659-3}
}

@article{Azzopardi_etal14,
  title={A push-pull CORF model of a simple cell with antiphase inhibition improves SNR and contour detection},
  author={Azzopardi, George and Rodr{\'\i}guez-S{\'a}nchez, Antonio and Piater, Justus and Petkov, Nicolai},
  journal={PloS one},
  volume={9},
  number={7},
  pages={e98424},
  year={2014},
  publisher={Public Library of Science}
}

@inproceedings{Teo_etal15,
  title={Fast 2D border ownership assignment},
  author={Teo, Ching and Fermuller, Cornelia and Aloimonos, Yiannis},
  booktitle={Proceedings of the IEEE Conference on Computer Vision and Pattern Recognition},
  pages={5117--5125},
  year={2015}
}

@Article{Arbeleaz_etal11,
 author = {Arbelaez, Pablo and Maire, Michael and Fowlkes, Charless and Malik, Jitendra},
 title = {Contour Detection and Hierarchical Image Segmentation},
 journal = {IEEE Trans. Pattern Anal. Mach. Intell.},
 issue_date = {May 2011},
 volume = {33},
 number = {5},
 month = may,
 year = {2011},
 issn = {0162-8828},
 pages = {898--916},
 numpages = {19},
 url = {http://dx.doi.org/10.1109/TPAMI.2010.161},
 doi = {10.1109/TPAMI.2010.161},
 acmid = {1963088},
 publisher = {IEEE Computer Society},
 address = {Washington, DC, USA},
 keywords = {Contour detection, image segmentation, computer vision.},
} 

@inproceedings{Wang_Yuille16,
  title={DOC: Deep OCclusion Estimation from a Single Image},
  author={Wang, Peng and Yuille, Alan},
  booktitle={European Conference on Computer Vision},
  pages={545--561},
  year={2016},
  organization={Springer}
}

@article{Super_etal10,
  title={Feed-forward segmentation of figure-ground and assignment of border-ownership},
  author={Sup{\`e}r, Hans and Romeo, August and Keil, Matthias},
  journal={PLoS One},
  volume={5},
  number={5},
  pages={e10705},
  year={2010},
  publisher={Public Library of Science}
}

@inproceedings{Ren_etal06,
  title={Figure/ground assignment in natural images},
  author={Ren, Xiaofeng and Fowlkes, Charless C and Malik, Jitendra},
  booktitle={Proceedings of the 9th European conference on Computer Vision-Volume Part II},
  pages={614--627},
  year={2006},
  organization={Springer-Verlag}
}

@inproceedings{Leichter_Lindenbaum09,
  title={Boundary ownership by lifting to 2.1 d},
  author={Leichter, Ido and Lindenbaum, Michael},
  booktitle={Computer Vision, 2009 IEEE 12th International Conference on},
  pages={9--16},
  year={2009},
  organization={IEEE}
}

@article{Dollar_Zitnick15,
  title={Fast edge detection using structured forests},
  author={Doll{\'a}r, Piotr and Zitnick, C Lawrence},
  journal={IEEE transactions on pattern analysis and machine intelligence},
  volume={37},
  number={8},
  pages={1558--1570},
  year={2015},
  publisher={IEEE}
}

@article{Fowlkes_etal07,
  title={Local figure--ground cues are valid for natural images},
  author={Fowlkes, Charless C and Martin, David R and Malik, Jitendra},
  journal={Journal of Vision},
  volume={7},
  number={8},
  pages={2--2},
  year={2007},
  publisher={The Association for Research in Vision and Ophthalmology}
}

@book{Jonathan_data,
  author = {Williford, Jonathan R. and von der Heydt, Rüdiger},
  publisher = {Johns Hopkins University Data Archive Dataverse},
  title = {Data associated with publication “Figure-ground organization in visual cortex for natural scenes.”},
  year = {2017},
  doi = {10.7281/T1C8276W},
  url = {http://dx.doi.org/10.7281/T1C8276W}
}

@article{DiCarlo_etal98,
  title={Structure of receptive fields in area 3b of primary somatosensory cortex in the alert monkey},
  author={DiCarlo, James J and Johnson, Kenneth O and Hsiao, Steven S},
  journal={Journal of neuroscience},
  volume={18},
  number={7},
  pages={2626--2645},
  year={1998},
  publisher={Soc Neuroscience}
}

@article{Zucker12,
  title={Local field potentials and border ownership: a conjecture about computation in visual cortex},
  author={Zucker, Steven W},
  journal={Journal of Physiology-Paris},
  volume={106},
  number={5},
  pages={297--315},
  year={2012},
  publisher={Elsevier}
}

@article{Ko_vonderHeydt17,
  title={Figure-ground organization in the visual cortex: does meaning matter?},
  author={Ko, Hee-kyoung and von der Heydt, R{\"u}diger},
  journal={Journal of Neurophysiology},
  pages={jn--00131},
  year={2017},
  publisher={Am Physiological Soc}
}
